@Book{xie2015,
  title = {Dynamic Documents with {R} and knitr},
  author = {Yihui Xie},
  publisher = {Chapman and Hall/CRC},
  address = {Boca Raton, Florida},
  year = {2015},
  edition = {2nd},
  note = {ISBN 978-1498716963},
  url = {http://yihui.org/knitr/},
}

@article{bell_pure_2014,
	title = {Pure and {Pseudo}-pure {Fluid} {Thermophysical} {Property} {Evaluation} and the {Open}-{Source} {Thermophysical} {Property} {Library} {CoolProp}},
	volume = {53},
	url = {http://pubs.acs.org/doi/abs/10.1021/ie4033999},
	doi = {10.1021/ie4033999},
	number = {6},
	journal = {Industrial \& Engineering Chemistry Research},
	author = {Bell, Ian H. and Wronski, Jorrit and Quoilin, Sylvain and Lemort, Vincent},
	year = {2014},
	pages = {2498--2508},
	file = {Bell_et_al_2014_Pure_and_Pseudo-pure_Fluid_Thermophysical_Property_Evaluation_and_the.pdf:/Users/psydat/MEGA/Library/Bell_et_al_2014_Pure_and_Pseudo-pure_Fluid_Thermophysical_Property_Evaluation_and_the.pdf:application/pdf}
}

@misc{linstrom_nist_2019,
	title = {{NIST} {Chemistry} {WebBook}, {NIST} {Standard} {Reference} {Database} {Number} 69},
	author = {Linstrom, PJ and Mallard, WG Edenhofer},
	year = {2019},
	doi = {10.18434/T4D303}
}


@book{davies_building_2004,
	edition = {1},
	title = {Building {Heat} {Transfer}},
	isbn = {978-0-470-84731-2 978-0-470-02055-5},
	url = {https://onlinelibrary.wiley.com/doi/book/10.1002/0470020555},
	language = {en},
	urldate = {2020-04-23},
	publisher = {Wiley},
	author = {Davies, Morris Grenfell},
	month = mar,
	year = {2004},
	doi = {10.1002/0470020555},
	file = {Davies_2004_Building_Heat_Transfer.pdf:/Users/psydat/MEGA/Library/Davies_2004_Building_Heat_Transfer.pdf:application/pdf}
}
